[
  {
    "Earning_ID": 1,
    "Ticker": "MSFT",
    "Release_Timestamp": "2018-01-25T21:05:00Z",
    "Fiscal_Quarter": "Q2 2018",
    "EPS_Actual": 0.96,
    "EPS_Consensus": 0.86,
    "Revenue_Actual": 28920000000,
    "Revenue_Consensus": 28400000000,
    "Surprise_EPS": 0.1,
    "Surprise_Revenue_ZScore": 0.8
  },
  {
    "Earning_ID": 25,
    "Ticker": "MSFT",
    "Release_Timestamp": "2024-01-30T21:05:00Z",
    "Fiscal_Quarter": "Q2 2024",
    "EPS_Actual": 2.93,
    "EPS_Consensus": 2.78,
    "Revenue_Actual": 62020000000,
    "Revenue_Consensus": 61120000000,
    "Surprise_EPS": 0.15,
    "Surprise_Revenue_ZScore": 1.2
  },
  {
    "Earning_ID": 26,
    "Ticker": "AAPL",
    "Release_Timestamp": "2018-02-01T21:30:00Z",
    "Fiscal_Quarter": "Q1 2018",
    "EPS_Actual": 3.89,
    "EPS_Consensus": 3.84,
    "Revenue_Actual": 88290000000,
    "Revenue_Consensus": 87280000000,
    "Surprise_EPS": 0.05,
    "Surprise_Revenue_ZScore": 0.6
  },
  {
    "Earning_ID": 50,
    "Ticker": "AAPL",
    "Release_Timestamp": "2024-02-01T21:30:00Z",
    "Fiscal_Quarter": "Q1 2024",
    "EPS_Actual": 2.18,
    "EPS_Consensus": 2.1,
    "Revenue_Actual": 119575000000,
    "Revenue_Consensus": 117910000000,
    "Surprise_EPS": 0.08,
    "Surprise_Revenue_ZScore": 0.9
  },
  {
    "Earning_ID": 51,
    "Ticker": "NVDA",
    "Release_Timestamp": "2018-02-15T21:00:00Z",
    "Fiscal_Quarter": "Q4 2018",
    "EPS_Actual": 1.72,
    "EPS_Consensus": 1.16,
    "Revenue_Actual": 2911000000,
    "Revenue_Consensus": 2680000000,
    "Surprise_EPS": 0.56,
    "Surprise_Revenue_ZScore": 2.1
  },
  {
    "Earning_ID": 75,
    "Ticker": "NVDA",
    "Release_Timestamp": "2024-02-21T21:00:00Z",
    "Fiscal_Quarter": "Q4 2024",
    "EPS_Actual": 4.93,
    "EPS_Consensus": 4.59,
    "Revenue_Actual": 22103000000,
    "Revenue_Consensus": 20420000000,
    "Surprise_EPS": 0.34,
    "Surprise_Revenue_ZScore": 2.5
  },
  {
    "Earning_ID": 76,
    "Ticker": "GOOGL",
    "Release_Timestamp": "2018-02-01T21:00:00Z",
    "Fiscal_Quarter": "Q4 2017",
    "EPS_Actual": 9.7,
    "EPS_Consensus": 9.98,
    "Revenue_Actual": 32320000000,
    "Revenue_Consensus": 31860000000,
    "Surprise_EPS": -0.28,
    "Surprise_Revenue_ZScore": 0.4
  },
  {
    "Earning_ID": 100,
    "Ticker": "GOOGL",
    "Release_Timestamp": "2024-01-30T21:00:00Z",
    "Fiscal_Quarter": "Q4 2023",
    "EPS_Actual": 1.64,
    "EPS_Consensus": 1.59,
    "Revenue_Actual": 86310000000,
    "Revenue_Consensus": 85330000000,
    "Surprise_EPS": 0.05,
    "Surprise_Revenue_ZScore": 0.7
  },
  {
    "Earning_ID": 101,
    "Ticker": "AMZN",
    "Release_Timestamp": "2018-02-01T21:05:00Z",
    "Fiscal_Quarter": "Q4 2017",
    "EPS_Actual": 3.75,
    "EPS_Consensus": 2.04,
    "Revenue_Actual": 60450000000,
    "Revenue_Consensus": 59830000000,
    "Surprise_EPS": 1.71,
    "Surprise_Revenue_ZScore": 0.6
  },
  {
    "Earning_ID": 125,
    "Ticker": "AMZN",
    "Release_Timestamp": "2024-02-01T21:05:00Z",
    "Fiscal_Quarter": "Q4 2023",
    "EPS_Actual": 1,
    "EPS_Consensus": 0.8,
    "Revenue_Actual": 169961000000,
    "Revenue_Consensus": 16600000000,
    "Surprise_EPS": 0.2,
    "Surprise_Revenue_ZScore": 1.1
  },
  {
    "Earning_ID": 126,
    "Ticker": "META",
    "Release_Timestamp": "2018-01-31T21:05:00Z",
    "Fiscal_Quarter": "Q4 2017",
    "EPS_Actual": 2.21,
    "EPS_Consensus": 1.95,
    "Revenue_Actual": 12970000000,
    "Revenue_Consensus": 12560000000,
    "Surprise_EPS": 0.26,
    "Surprise_Revenue_ZScore": 1.1
  },
  {
    "Earning_ID": 150,
    "Ticker": "META",
    "Release_Timestamp": "2024-02-01T21:05:00Z",
    "Fiscal_Quarter": "Q4 2023",
    "EPS_Actual": 5.33,
    "EPS_Consensus": 4.96,
    "Revenue_Actual": 40111000000,
    "Revenue_Consensus": 39180000000,
    "Surprise_EPS": 0.37,
    "Surprise_Revenue_ZScore": 1
  },
  {
    "Earning_ID": 151,
    "Ticker": "BRK-B",
    "Release_Timestamp": "2018-02-24T13:00:00Z",
    "Fiscal_Quarter": "Q4 2017",
    "EPS_Actual": 2.1,
    "EPS_Consensus": 2,
    "Revenue_Actual": 58000000000,
    "Revenue_Consensus": 57500000000,
    "Surprise_EPS": 0.1,
    "Surprise_Revenue_ZScore": 0.2
  },
  {
    "Earning_ID": 175,
    "Ticker": "BRK-B",
    "Release_Timestamp": "2024-02-24T13:00:00Z",
    "Fiscal_Quarter": "Q4 2023",
    "EPS_Actual": 4.2,
    "EPS_Consensus": 4.1,
    "Revenue_Actual": 79000000000,
    "Revenue_Consensus": 78500000000,
    "Surprise_EPS": 0.1,
    "Surprise_Revenue_ZScore": 0.2
  },
  {
    "Earning_ID": 176,
    "Ticker": "LLY",
    "Release_Timestamp": "2018-01-30T12:00:00Z",
    "Fiscal_Quarter": "Q4 2017",
    "EPS_Actual": 1.09,
    "EPS_Consensus": 1.07,
    "Revenue_Actual": 5830000000,
    "Revenue_Consensus": 5940000000,
    "Surprise_EPS": 0.02,
    "Surprise_Revenue_ZScore": -0.7
  },
  {
    "Earning_ID": 200,
    "Ticker": "LLY",
    "Release_Timestamp": "2024-02-06T12:00:00Z",
    "Fiscal_Quarter": "Q4 2023",
    "EPS_Actual": 2.49,
    "EPS_Consensus": 2.32,
    "Revenue_Actual": 9353000000,
    "Revenue_Consensus": 8930000000,
    "Surprise_EPS": 0.17,
    "Surprise_Revenue_ZScore": 1.8
  },
  {
    "Earning_ID": 201,
    "Ticker": "AVGO",
    "Release_Timestamp": "2018-03-15T21:00:00Z",
    "Fiscal_Quarter": "Q1 2018",
    "EPS_Actual": 5.12,
    "EPS_Consensus": 4.94,
    "Revenue_Actual": 5330000000,
    "Revenue_Consensus": 5320000000,
    "Surprise_EPS": 0.18,
    "Surprise_Revenue_ZScore": 0.1
  },
  {
    "Earning_ID": 225,
    "Ticker": "AVGO",
    "Release_Timestamp": "2024-03-07T21:00:00Z",
    "Fiscal_Quarter": "Q1 2024",
    "EPS_Actual": 10.99,
    "EPS_Consensus": 10.42,
    "Revenue_Actual": 11960000000,
    "Revenue_Consensus": 11720000000,
    "Surprise_EPS": 0.57,
    "Surprise_Revenue_ZScore": "0.9 # Example Q1 FY24"
  },
  {
    "Earning_ID": 226,
    "Ticker": "JPM",
    "Release_Timestamp": "2018-01-12T12:00:00Z",
    "Fiscal_Quarter": "Q4 2017",
    "EPS_Actual": 1.76,
    "EPS_Consensus": 1.69,
    "Revenue_Actual": 25450000000,
    "Revenue_Consensus": 25150000000,
    "Surprise_EPS": 0.07,
    "Surprise_Revenue_ZScore": 0.4
  },
  {
    "Earning_ID": 250,
    "Ticker": "JPM",
    "Release_Timestamp": "2024-01-12T12:00:00Z",
    "Fiscal_Quarter": "Q4 2023",
    "EPS_Actual": 3.04,
    "EPS_Consensus": 3.32,
    "Revenue_Actual": 39943000000,
    "Revenue_Consensus": 39780000000,
    "Surprise_EPS": -0.28,
    "Surprise_Revenue_ZScore": 0.1
  },
  {
    "Earning_ID": 251,
    "Ticker": "V",
    "Release_Timestamp": "2018-01-25T21:00:00Z",
    "Fiscal_Quarter": "Q1 2018",
    "EPS_Actual": 1.08,
    "EPS_Consensus": 0.99,
    "Revenue_Actual": 5100000000,
    "Revenue_Consensus": 4990000000,
    "Surprise_EPS": 0.09,
    "Surprise_Revenue_ZScore": 0.8
  },
  {
    "Earning_ID": 275,
    "Ticker": "V",
    "Release_Timestamp": "2024-01-25T21:00:00Z",
    "Fiscal_Quarter": "Q1 2024",
    "EPS_Actual": 2.41,
    "EPS_Consensus": 2.34,
    "Revenue_Actual": 8632000000,
    "Revenue_Consensus": 8500000000,
    "Surprise_EPS": 0.07,
    "Surprise_Revenue_ZScore": 0.9
  },
  {
    "Earning_ID": 276,
    "Ticker": "XOM",
    "Release_Timestamp": "2018-02-02T12:00:00Z",
    "Fiscal_Quarter": "Q4 2017",
    "EPS_Actual": 0.88,
    "EPS_Consensus": 1.04,
    "Revenue_Actual": 71590000000,
    "Revenue_Consensus": 69870000000,
    "Surprise_EPS": -0.16,
    "Surprise_Revenue_ZScore": 0.8
  },
  {
    "Earning_ID": 300,
    "Ticker": "XOM",
    "Release_Timestamp": "2024-01-29T12:00:00Z",
    "Fiscal_Quarter": "Q4 2023",
    "EPS_Actual": 2.48,
    "EPS_Consensus": 2.21,
    "Revenue_Actual": 84342000000,
    "Revenue_Consensus": 88350000000,
    "Surprise_EPS": 0.27,
    "Surprise_Revenue_ZScore": -1.1
  },
  {
    "Earning_ID": 301,
    "Ticker": "UNH",
    "Release_Timestamp": "2018-01-17T11:00:00Z",
    "Fiscal_Quarter": "Q4 2017",
    "EPS_Actual": 2.59,
    "EPS_Consensus": 2.51,
    "Revenue_Actual": 50320000000,
    "Revenue_Consensus": 49990000000,
    "Surprise_EPS": 0.08,
    "Surprise_Revenue_ZScore": 0.3
  },
  {
    "Earning_ID": 325,
    "Ticker": "UNH",
    "Release_Timestamp": "2024-01-12T11:00:00Z",
    "Fiscal_Quarter": "Q4 2023",
    "EPS_Actual": 5.34,
    "EPS_Consensus": 5.17,
    "Revenue_Actual": 92787000000,
    "Revenue_Consensus": 92530000000,
    "Surprise_EPS": 0.17,
    "Surprise_Revenue_ZScore": 0.2
  },
  {
    "Earning_ID": 326,
    "Ticker": "MA",
    "Release_Timestamp": "2018-02-01T12:00:00Z",
    "Fiscal_Quarter": "Q4 2017",
    "EPS_Actual": 1.14,
    "EPS_Consensus": 1.12,
    "Revenue_Actual": 3310000000,
    "Revenue_Consensus": 3260000000,
    "Surprise_EPS": 0.02,
    "Surprise_Revenue_ZScore": 0.5
  },
  {
    "Earning_ID": 350,
    "Ticker": "MA",
    "Release_Timestamp": "2024-01-31T12:00:00Z",
    "Fiscal_Quarter": "Q4 2023",
    "EPS_Actual": 3.18,
    "EPS_Consensus": 3.08,
    "Revenue_Actual": 6550000000,
    "Revenue_Consensus": 6480000000,
    "Surprise_EPS": 0.1,
    "Surprise_Revenue_ZScore": 0.4
  },
  {
    "Earning_ID": 351,
    "Ticker": "JNJ",
    "Release_Timestamp": "2018-01-23T11:45:00Z",
    "Fiscal_Quarter": "Q4 2017",
    "EPS_Actual": 1.74,
    "EPS_Consensus": 1.72,
    "Revenue_Actual": 20200000000,
    "Revenue_Consensus": 20060000000,
    "Surprise_EPS": 0.02,
    "Surprise_Revenue_ZScore": 0.3
  },
  {
    "Earning_ID": 375,
    "Ticker": "JNJ",
    "Release_Timestamp": "2024-01-23T11:45:00Z",
    "Fiscal_Quarter": "Q4 2023",
    "EPS_Actual": 2.29,
    "EPS_Consensus": 2.28,
    "Revenue_Actual": 21396000000,
    "Revenue_Consensus": 21400000000,
    "Surprise_EPS": 0.01,
    "Surprise_Revenue_ZScore": 0
  },
  {
    "Earning_ID": 376,
    "Ticker": "PG",
    "Release_Timestamp": "2018-01-23T11:30:00Z",
    "Fiscal_Quarter": "Q2 2018",
    "EPS_Actual": 1.19,
    "EPS_Consensus": 1.14,
    "Revenue_Actual": 17400000000,
    "Revenue_Consensus": 17370000000,
    "Surprise_EPS": 0.05,
    "Surprise_Revenue_ZScore": 0.1
  },
  {
    "Earning_ID": 400,
    "Ticker": "PG",
    "Release_Timestamp": "2024-01-23T11:30:00Z",
    "Fiscal_Quarter": "Q2 2024",
    "EPS_Actual": 1.84,
    "EPS_Consensus": 1.7,
    "Revenue_Actual": 21440000000,
    "Revenue_Consensus": 21480000000,
    "Surprise_EPS": 0.14,
    "Surprise_Revenue_ZScore": -0.1
  },
  {
    "Earning_ID": 401,
    "Ticker": "PEP",
    "Release_Timestamp": "2018-02-13T11:30:00Z",
    "Fiscal_Quarter": "Q4 2017",
    "EPS_Actual": 1.31,
    "EPS_Consensus": 1.3,
    "Revenue_Actual": 19530000000,
    "Revenue_Consensus": 19420000000,
    "Surprise_EPS": 0.01,
    "Surprise_Revenue_ZScore": 0.2
  },
  {
    "Earning_ID": 425,
    "Ticker": "PEP",
    "Release_Timestamp": "2024-02-09T11:30:00Z",
    "Fiscal_Quarter": "Q4 2023",
    "EPS_Actual": 1.78,
    "EPS_Consensus": 1.72,
    "Revenue_Actual": 27850000000,
    "Revenue_Consensus": 28400000000,
    "Surprise_EPS": 0.06,
    "Surprise_Revenue_ZScore": -0.6
  },
  {
    "Earning_ID": 426,
    "Ticker": "COST",
    "Release_Timestamp": "2018-03-07T21:05:00Z",
    "Fiscal_Quarter": "Q2 2018",
    "EPS_Actual": 1.59,
    "EPS_Consensus": 1.49,
    "Revenue_Actual": 32280000000,
    "Revenue_Consensus": 32690000000,
    "Surprise_EPS": 0.1,
    "Surprise_Revenue_ZScore": -0.4
  },
  {
    "Earning_ID": 450,
    "Ticker": "COST",
    "Release_Timestamp": "2023-12-14T21:05:00Z",
    "Fiscal_Quarter": "Q1 2024",
    "EPS_Actual": 3.58,
    "EPS_Consensus": 3.41,
    "Revenue_Actual": 56720000000,
    "Revenue_Consensus": 57790000000,
    "Surprise_EPS": 0.17,
    "Surprise_Revenue_ZScore": -0.8
  },
  {
    "Earning_ID": 451,
    "Ticker": "HD",
    "Release_Timestamp": "2018-02-20T11:00:00Z",
    "Fiscal_Quarter": "Q4 2017",
    "EPS_Actual": 1.69,
    "EPS_Consensus": 1.61,
    "Revenue_Actual": 23880000000,
    "Revenue_Consensus": 23660000000,
    "Surprise_EPS": 0.08,
    "Surprise_Revenue_ZScore": 0.3
  },
  {
    "Earning_ID": 474,
    "Ticker": "HD",
    "Release_Timestamp": "2023-11-14T11:00:00Z",
    "Fiscal_Quarter": "Q3 2023",
    "EPS_Actual": 3.81,
    "EPS_Consensus": 3.76,
    "Revenue_Actual": 37710000000,
    "Revenue_Consensus": 37900000000,
    "Surprise_EPS": 0.05,
    "Surprise_Revenue_ZScore": -0.2
  },
  {
    "Earning_ID": 475,
    "Ticker": "MRK",
    "Release_Timestamp": "2018-02-02T11:40:00Z",
    "Fiscal_Quarter": "Q4 2017",
    "EPS_Actual": 0.98,
    "EPS_Consensus": 0.94,
    "Revenue_Actual": 10430000000,
    "Revenue_Consensus": 10320000000,
    "Surprise_EPS": 0.04,
    "Surprise_Revenue_ZScore": 0.3
  },
  {
    "Earning_ID": 499,
    "Ticker": "MRK",
    "Release_Timestamp": "2024-02-01T11:40:00Z",
    "Fiscal_Quarter": "Q4 2023",
    "EPS_Actual": 0.03,
    "EPS_Consensus": 0.01,
    "Revenue_Actual": 13518000000,
    "Revenue_Consensus": 14490000000,
    "Surprise_EPS": 0.02,
    "Surprise_Revenue_ZScore": "-2.1 # Large one-time charges often"
  },
  {
    "Earning_ID": 500,
    "Ticker": "ABBV",
    "Release_Timestamp": "2018-01-26T12:00:00Z",
    "Fiscal_Quarter": "Q4 2017",
    "EPS_Actual": 1.48,
    "EPS_Consensus": 1.44,
    "Revenue_Actual": 7738000000,
    "Revenue_Consensus": 7680000000,
    "Surprise_EPS": 0.04,
    "Surprise_Revenue_ZScore": 0.3
  },
  {
    "Earning_ID": 524,
    "Ticker": "ABBV",
    "Release_Timestamp": "2024-02-02T12:00:00Z",
    "Fiscal_Quarter": "Q4 2023",
    "EPS_Actual": 2.79,
    "EPS_Consensus": 2.81,
    "Revenue_Actual": 14301000000,
    "Revenue_Consensus": 14330000000,
    "Surprise_EPS": -0.02,
    "Surprise_Revenue_ZScore": -0.1
  },
  {
    "Earning_ID": 525,
    "Ticker": "CVX",
    "Release_Timestamp": "2018-02-02T12:00:00Z",
    "Fiscal_Quarter": "Q4 2017",
    "EPS_Actual": 1.64,
    "EPS_Consensus": 1.24,
    "Revenue_Actual": 37620000000,
    "Revenue_Consensus": 36500000000,
    "Surprise_EPS": 0.4,
    "Surprise_Revenue_ZScore": 1.1
  },
  {
    "Earning_ID": 549,
    "Ticker": "CVX",
    "Release_Timestamp": "2024-02-02T12:00:00Z",
    "Fiscal_Quarter": "Q4 2023",
    "EPS_Actual": 3.45,
    "EPS_Consensus": 3.21,
    "Revenue_Actual": 56473000000,
    "Revenue_Consensus": 52530000000,
    "Surprise_EPS": 0.24,
    "Surprise_Revenue_ZScore": 2.1
  },
  {
    "Earning_ID": 550,
    "Ticker": "CRM",
    "Release_Timestamp": "2018-02-28T21:05:00Z",
    "Fiscal_Quarter": "Q4 2018",
    "EPS_Actual": 1.05,
    "EPS_Consensus": 0.47,
    "Revenue_Actual": 3000000000,
    "Revenue_Consensus": 2810000000,
    "Surprise_EPS": 0.58,
    "Surprise_Revenue_ZScore": 2.1
  },
  {
    "Earning_ID": 574,
    "Ticker": "CRM",
    "Release_Timestamp": "2024-02-28T21:05:00Z",
    "Fiscal_Quarter": "Q4 2024",
    "EPS_Actual": 2.29,
    "EPS_Consensus": 1.97,
    "Revenue_Actual": 9287000000,
    "Revenue_Consensus": 9220000000,
    "Surprise_EPS": 0.32,
    "Surprise_Revenue_ZScore": 0.4
  },
  {
    "Earning_ID": 575,
    "Ticker": "ADBE",
    "Release_Timestamp": "2018-03-15T21:00:00Z",
    "Fiscal_Quarter": "Q1 2018",
    "EPS_Actual": 1.55,
    "EPS_Consensus": 1.44,
    "Revenue_Actual": 2080000000,
    "Revenue_Consensus": 2080000000,
    "Surprise_EPS": 0.11,
    "Surprise_Revenue_ZScore": 0
  },
  {
    "Earning_ID": 598,
    "Ticker": "ADBE",
    "Release_Timestamp": "2023-12-13T21:00:00Z",
    "Fiscal_Quarter": "Q4 2023",
    "EPS_Actual": 4.27,
    "EPS_Consensus": 4.14,
    "Revenue_Actual": 5048000000,
    "Revenue_Consensus": 5030000000,
    "Surprise_EPS": 0.13,
    "Surprise_Revenue_ZScore": 0.1
  },
  {
    "Earning_ID": 599,
    "Ticker": "BAC",
    "Release_Timestamp": "2018-01-17T11:45:00Z",
    "Fiscal_Quarter": "Q4 2017",
    "EPS_Actual": 0.47,
    "EPS_Consensus": 0.45,
    "Revenue_Actual": 20440000000,
    "Revenue_Consensus": 20960000000,
    "Surprise_EPS": 0.02,
    "Surprise_Revenue_ZScore": -0.8
  },
  {
    "Earning_ID": 623,
    "Ticker": "BAC",
    "Release_Timestamp": "2024-01-12T11:45:00Z",
    "Fiscal_Quarter": "Q4 2023",
    "EPS_Actual": 0.35,
    "EPS_Consensus": 0.53,
    "Revenue_Actual": 21960000000,
    "Revenue_Consensus": 23710000000,
    "Surprise_EPS": -0.18,
    "Surprise_Revenue_ZScore": "-2.5 # Provisions"
  },
  {
    "Earning_ID": 624,
    "Ticker": "AMD",
    "Release_Timestamp": "2018-01-30T21:00:00Z",
    "Fiscal_Quarter": "Q4 2017",
    "EPS_Actual": 0.08,
    "EPS_Consensus": 0.05,
    "Revenue_Actual": 1480000000,
    "Revenue_Consensus": 1340000000,
    "Surprise_EPS": 0.03,
    "Surprise_Revenue_ZScore": 1.5
  },
  {
    "Earning_ID": 648,
    "Ticker": "AMD",
    "Release_Timestamp": "2024-01-30T21:00:00Z",
    "Fiscal_Quarter": "Q4 2023",
    "EPS_Actual": 0.77,
    "EPS_Consensus": 0.77,
    "Revenue_Actual": 6168000000,
    "Revenue_Consensus": 6130000000,
    "Surprise_EPS": 0,
    "Surprise_Revenue_ZScore": 0.2
  },
  {
    "Earning_ID": 649,
    "Ticker": "NFLX",
    "Release_Timestamp": "2018-01-22T21:05:00Z",
    "Fiscal_Quarter": "Q4 2017",
    "EPS_Actual": 0.41,
    "EPS_Consensus": 0.41,
    "Revenue_Actual": 3286000000,
    "Revenue_Consensus": 3270000000,
    "Surprise_EPS": 0,
    "Surprise_Revenue_ZScore": 0.2
  },
  {
    "Earning_ID": 673,
    "Ticker": "NFLX",
    "Release_Timestamp": "2024-01-23T21:05:00Z",
    "Fiscal_Quarter": "Q4 2023",
    "EPS_Actual": 2.11,
    "EPS_Consensus": 0.73,
    "Revenue_Actual": 8833000000,
    "Revenue_Consensus": 8720000000,
    "Surprise_EPS": 1.38,
    "Surprise_Revenue_ZScore": "0.5 # Strong sub growth"
  },
  {
    "Earning_ID": 674,
    "Ticker": "LIN",
    "Release_Timestamp": "2018-01-25T12:00:00Z",
    "Fiscal_Quarter": "Q4 2017",
    "EPS_Actual": 1.5,
    "EPS_Consensus": 1.45,
    "Revenue_Actual": 4500000000,
    "Revenue_Consensus": 4450000000,
    "Surprise_EPS": 0.05,
    "Surprise_Revenue_ZScore": "0.3 # Using legacy Praxair (PX) style for early data"
  },
  {
    "Earning_ID": 698,
    "Ticker": "LIN",
    "Release_Timestamp": "2024-02-06T12:00:00Z",
    "Fiscal_Quarter": "Q4 2023",
    "EPS_Actual": 3.16,
    "EPS_Consensus": 3.12,
    "Revenue_Actual": 8304000000,
    "Revenue_Consensus": 8280000000,
    "Surprise_EPS": 0.04,
    "Surprise_Revenue_ZScore": 0.1
  },
  {
    "Earning_ID": 699,
    "Ticker": "MCD",
    "Release_Timestamp": "2018-01-30T12:00:00Z",
    "Fiscal_Quarter": "Q4 2017",
    "EPS_Actual": 1.71,
    "EPS_Consensus": 1.59,
    "Revenue_Actual": 5139000000,
    "Revenue_Consensus": 5230000000,
    "Surprise_EPS": 0.12,
    "Surprise_Revenue_ZScore": -0.6
  },
  {
    "Earning_ID": 723,
    "Ticker": "MCD",
    "Release_Timestamp": "2024-02-05T12:00:00Z",
    "Fiscal_Quarter": "Q4 2023",
    "EPS_Actual": 2.8,
    "EPS_Consensus": 2.82,
    "Revenue_Actual": 6406000000,
    "Revenue_Consensus": 6450000000,
    "Surprise_EPS": -0.02,
    "Surprise_Revenue_ZScore": -0.2
  },
  {
    "Earning_ID": 724,
    "Ticker": "WMT",
    "Release_Timestamp": "2018-02-20T12:00:00Z",
    "Fiscal_Quarter": "Q4 2018",
    "EPS_Actual": 1.33,
    "EPS_Consensus": 1.37,
    "Revenue_Actual": 136267000000,
    "Revenue_Consensus": 134910000000,
    "Surprise_EPS": -0.04,
    "Surprise_Revenue_ZScore": 0.4
  },
  {
    "Earning_ID": 747,
    "Ticker": "WMT",
    "Release_Timestamp": "2023-11-16T12:00:00Z",
    "Fiscal_Quarter": "Q3 2024",
    "EPS_Actual": 1.53,
    "EPS_Consensus": 1.52,
    "Revenue_Actual": 160804000000,
    "Revenue_Consensus": 159640000000,
    "Surprise_EPS": 0.01,
    "Surprise_Revenue_ZScore": 0.3
  },
  {
    "Earning_ID": 748,
    "Ticker": "ACN",
    "Release_Timestamp": "2018-03-22T11:00:00Z",
    "Fiscal_Quarter": "Q2 2018",
    "EPS_Actual": 1.58,
    "EPS_Consensus": 1.49,
    "Revenue_Actual": 9590000000,
    "Revenue_Consensus": 9270000000,
    "Surprise_EPS": 0.09,
    "Surprise_Revenue_ZScore": 1.2
  },
  {
    "Earning_ID": 771,
    "Ticker": "ACN",
    "Release_Timestamp": "2023-12-19T11:00:00Z",
    "Fiscal_Quarter": "Q1 2024",
    "EPS_Actual": 3.27,
    "EPS_Consensus": 3.14,
    "Revenue_Actual": 16220000000,
    "Revenue_Consensus": 16200000000,
    "Surprise_EPS": 0.13,
    "Surprise_Revenue_ZScore": 0.1
  },
  {
    "Earning_ID": 772,
    "Ticker": "CSCO",
    "Release_Timestamp": "2018-02-14T21:00:00Z",
    "Fiscal_Quarter": "Q2 2018",
    "EPS_Actual": 0.63,
    "EPS_Consensus": 0.59,
    "Revenue_Actual": 11890000000,
    "Revenue_Consensus": 11810000000,
    "Surprise_EPS": 0.04,
    "Surprise_Revenue_ZScore": 0.2
  },
  {
    "Earning_ID": 796,
    "Ticker": "CSCO",
    "Release_Timestamp": "2024-02-14T21:00:00Z",
    "Fiscal_Quarter": "Q2 2024",
    "EPS_Actual": 0.87,
    "EPS_Consensus": 0.84,
    "Revenue_Actual": 12790000000,
    "Revenue_Consensus": 12700000000,
    "Surprise_EPS": 0.03,
    "Surprise_Revenue_ZScore": 0.3
  },
  {
    "Earning_ID": 797,
    "Ticker": "TMO",
    "Release_Timestamp": "2018-01-31T12:00:00Z",
    "Fiscal_Quarter": "Q4 2017",
    "EPS_Actual": 2.42,
    "EPS_Consensus": 2.38,
    "Revenue_Actual": 5670000000,
    "Revenue_Consensus": 5630000000,
    "Surprise_EPS": 0.04,
    "Surprise_Revenue_ZScore": 0.2
  },
  {
    "Earning_ID": 821,
    "Ticker": "TMO",
    "Release_Timestamp": "2024-01-31T12:00:00Z",
    "Fiscal_Quarter": "Q4 2023",
    "EPS_Actual": 5.67,
    "EPS_Consensus": 5.64,
    "Revenue_Actual": 10886000000,
    "Revenue_Consensus": 10700000000,
    "Surprise_EPS": 0.03,
    "Surprise_Revenue_ZScore": 0.7
  },
  {
    "Earning_ID": 822,
    "Ticker": "DIS",
    "Release_Timestamp": "2018-02-06T21:00:00Z",
    "Fiscal_Quarter": "Q1 2018",
    "EPS_Actual": 1.89,
    "EPS_Consensus": 1.61,
    "Revenue_Actual": 15351000000,
    "Revenue_Consensus": 15300000000,
    "Surprise_EPS": 0.28,
    "Surprise_Revenue_ZScore": 0.1
  },
  {
    "Earning_ID": 846,
    "Ticker": "DIS",
    "Release_Timestamp": "2024-02-07T21:00:00Z",
    "Fiscal_Quarter": "Q1 2024",
    "EPS_Actual": 1.22,
    "EPS_Consensus": 0.99,
    "Revenue_Actual": 23549000000,
    "Revenue_Consensus": 23790000000,
    "Surprise_EPS": 0.23,
    "Surprise_Revenue_ZScore": -0.3
  },
  {
    "Earning_ID": 847,
    "Ticker": "INTC",
    "Release_Timestamp": "2018-01-25T21:00:00Z",
    "Fiscal_Quarter": "Q4 2017",
    "EPS_Actual": 1.08,
    "EPS_Consensus": 0.87,
    "Revenue_Actual": 17050000000,
    "Revenue_Consensus": 16340000000,
    "Surprise_EPS": 0.21,
    "Surprise_Revenue_ZScore": 1.5
  },
  {
    "Earning_ID": 871,
    "Ticker": "INTC",
    "Release_Timestamp": "2024-01-25T21:00:00Z",
    "Fiscal_Quarter": "Q4 2023",
    "EPS_Actual": 0.54,
    "EPS_Consensus": 0.45,
    "Revenue_Actual": 15406000000,
    "Revenue_Consensus": 15160000000,
    "Surprise_EPS": 0.09,
    "Surprise_Revenue_ZScore": 0.7
  },
  {
    "Earning_ID": 872,
    "Ticker": "SPY",
    "Release_Timestamp": "N/A",
    "Fiscal_Quarter": "N/A",
    "EPS_Actual": "",
    "EPS_Consensus": "",
    "Revenue_Actual": "",
    "Revenue_Consensus": "",
    "Surprise_EPS": "",
    "Surprise_Revenue_ZScore": "N/A"
  }
]